<record><leader>00000cas a2200000 a 4500</leader><controlfield tag="001">10396328</controlfield><controlfield tag="008">840209d18571880paudn ne      0    0eng c</controlfield><datafield ind1=" " ind2=" " tag="010"><subfield code="a">sn 84026296 </subfield><subfield code="z">sn 83025930 </subfield></datafield><datafield ind1=" " ind2=" " tag="040"><subfield code="a">NPU</subfield><subfield code="b">eng</subfield><subfield code="c">NPU</subfield><subfield code="d">NPA</subfield><subfield code="d">OCL</subfield><subfield code="d">NPH</subfield><subfield code="d">NPT</subfield><subfield code="d">DLC</subfield><subfield code="d">YOX</subfield><subfield code="d">NPX</subfield><subfield code="d">NPV</subfield><subfield code="d">NJW</subfield><subfield code="d">MFN</subfield><subfield code="d">ANU</subfield><subfield code="d">KNP</subfield><subfield code="d">MGN</subfield><subfield code="d">CNW</subfield><subfield code="d">DLC</subfield><subfield code="d">NVK</subfield><subfield code="d">DLC</subfield><subfield code="d">NVF</subfield><subfield code="d">OCL</subfield><subfield code="d">CRL</subfield><subfield code="d">DLC</subfield><subfield code="d">NYS</subfield><subfield code="d">DLC</subfield><subfield code="d">OCLCG</subfield><subfield code="d">DLC</subfield><subfield code="d">KRTAS</subfield><subfield code="d">OCLCQ</subfield><subfield code="d">OCLCA</subfield><subfield code="d">OCLCF</subfield><subfield code="d">OCLCO</subfield></datafield><datafield ind1=" " ind2=" " tag="019"><subfield code="a">10065455</subfield></datafield><datafield ind1="1" ind2=" " tag="029"><subfield code="a">AU@</subfield><subfield code="b">000004589985</subfield></datafield><datafield ind1=" " ind2=" " tag="042"><subfield code="a">pcc</subfield></datafield><datafield ind1=" " ind2=" " tag="043"><subfield code="a">n-us-pa</subfield></datafield><datafield ind1="0" ind2="0" tag="050"><subfield code="a">Newspaper 9545</subfield></datafield><datafield ind1="0" ind2=" " tag="130"><subfield code="a">Press (Philadelphia, Pa. : 1857 : Daily)</subfield></datafield><datafield ind1="1" ind2="4" tag="245"><subfield code="a">The press.</subfield></datafield><datafield ind1=" " ind2=" " tag="260"><subfield code="a">Philadelphia [Pa.] :</subfield><subfield code="b">J.W. Forney,</subfield><subfield code="c">1857-1880.</subfield></datafield><datafield ind1=" " ind2=" " tag="300"><subfield code="a">v.</subfield></datafield><datafield ind1=" " ind2=" " tag="310"><subfield code="a">Daily (except Sunday)</subfield></datafield><datafield ind1="0" ind2=" " tag="362"><subfield code="a">Vol. 1, no. 1 (Aug. 1, 1857)-July 3, 1880.</subfield></datafield><datafield ind1=" " ind2=" " tag="515"><subfield code="a">Issues for &lt;Jan. 1, 1876&gt;-July 3, 1880 lack numerical designation; called: &lt;v. 19&gt;-v. 23.</subfield></datafield><datafield ind1=" " ind2=" " tag="530"><subfield code="a">Available on microfilm from the Library of Congress, Photoduplication Service, and the Free Library, Newspaper Div., Philadelphia, Pa.</subfield></datafield><datafield ind1=" " ind2=" " tag="580"><subfield code="a">Weekly eds.: Weekly press (Philadelphia, Pa. : 1857), 1857-1861, and: Forney's war press, 1861-1865, and: Forney's weekly press, 1865-1877, and: Weekly press (Philadelphia, Pa. : 1877), 1877, and: Press (Philadelphia, Pa. : Weekly), 1878-1880.</subfield></datafield><datafield ind1=" " ind2=" " tag="580"><subfield code="a">Triweekly ed.: Press (Philadelphia, Pa. : Triweekly), &lt;1876&gt;.</subfield></datafield><datafield ind1=" " ind2=" " tag="580"><subfield code="a">Steamer ed.: California press (Philadelphia, Pa.), &lt;1860&gt;.</subfield></datafield><datafield ind1=" " ind2="0" tag="651"><subfield code="a">Philadelphia (Pa.)</subfield><subfield code="v">Newspapers.</subfield></datafield><datafield ind1=" " ind2="0" tag="651"><subfield code="a">Philadelphia County (Pa.)</subfield><subfield code="v">Newspapers.</subfield></datafield><datafield ind1=" " ind2="7" tag="655"><subfield code="a">Newspapers.</subfield><subfield code="2">fast</subfield><subfield code="0">(OCoLC)fst01423814</subfield></datafield><datafield ind1=" " ind2="7" tag="651"><subfield code="a">Pennsylvania</subfield><subfield code="z">Philadelphia.</subfield><subfield code="2">fast</subfield><subfield code="0">(OCoLC)fst01204170</subfield></datafield><datafield ind1=" " ind2="7" tag="651"><subfield code="a">Pennsylvania</subfield><subfield code="z">Philadelphia County.</subfield><subfield code="2">fast</subfield><subfield code="0">(OCoLC)fst01217128</subfield></datafield><datafield ind1="1" ind2=" " tag="700"><subfield code="a">Forney, John W.</subfield><subfield code="q">(John Wien),</subfield><subfield code="d">1817-1881.</subfield></datafield><datafield ind1=" " ind2=" " tag="752"><subfield code="a">United States</subfield><subfield code="b">Pennsylvania</subfield><subfield code="c">Philadelphia</subfield><subfield code="d">Philadelphia.</subfield></datafield><datafield ind1="1" ind2=" " tag="775"><subfield code="t">Weekly press (Philadelphia, Pa. : 1857)</subfield><subfield code="w">(DLC)sn 84031035</subfield><subfield code="w">(OCoLC)11138644</subfield></datafield><datafield ind1="1" ind2=" " tag="775"><subfield code="t">Forney's war press</subfield><subfield code="w">(DLC)sn 84026295</subfield><subfield code="w">(OCoLC)10376806</subfield></datafield><datafield ind1="1" ind2=" " tag="775"><subfield code="t">Forney's weekly press</subfield><subfield code="w">(DLC)sn 84026294</subfield><subfield code="w">(OCoLC)10376789</subfield></datafield><datafield ind1="1" ind2=" " tag="775"><subfield code="t">Weekly press (Philadephia, Pa. : 1877)</subfield><subfield code="w">(DLC)sn 85055008</subfield><subfield code="w">(OCoLC)12274288</subfield></datafield><datafield ind1="1" ind2=" " tag="775"><subfield code="t">Press (Philadelphia, Pa. : Weekly)</subfield><subfield code="w">(DLC)sn 86063585</subfield><subfield code="w">(OCoLC)12274319</subfield></datafield><datafield ind1="1" ind2=" " tag="775"><subfield code="t">Press (Philadelphia, Pa. : Triweekly)</subfield><subfield code="w">(DLC)sn 87052110</subfield><subfield code="w">(OCoLC)15145389</subfield></datafield><datafield ind1="1" ind2=" " tag="775"><subfield code="t">California press (Philadelphia, Pa.)</subfield></datafield><datafield ind1="0" ind2="0" tag="785"><subfield code="t">Philadelphia press (Philadelphia, Pa. : 1880)</subfield><subfield code="w">(DLC)sn 83025931</subfield><subfield code="w">(OCoLC)2266068</subfield></datafield><datafield ind1=" " ind2=" " tag="938"><subfield code="a">Kirtas Technologies, Inc.</subfield><subfield code="b">KRTS</subfield><subfield code="n">738150</subfield></datafield></record>